@book{Suyama_2017,
author= {Atsushi Suyama},
title={ベイズ推論による機械学習 入門},
year={2017},
publisher={講談社}
}


@misc{432：ポアソン83:online,
author = {しょこ$\beta$},
title = {4.3.2：ポアソン混合モデルにおける推論：ギブスサンプリング【緑ベイズ入門のノート】 - からっぽのしょこ},
howpublished = {\url{https://www.anarchive-beta.com/entry/2020/04/17/225141}},
month = {},
year = {},
note = {(Accessed on 05/04/2021)}
}
